@misc{History-1,
	author={Project Arm},
	title={Image Recognition: A short history and all you need to know about it},
	howpublished ={\url{https://www.projectarm.com/image-recognition-what-it-is/}},
	year={2017},
	month="January"
}

@misc{Google-2,
	author={Google},
	title={ML Practicum: Image Classification},
	howpublished ={\url{https://developers.google.com/machine-learning/practica/image-classification/}},
	year={2019},
	month="February"
}

@misc{Face-Recognition-1,
	author={Murray Cole},
	title={Building a Facial Recognition Pipeline with Deep Learning in Tensorflow},
	howpublished ={\url{https://hackernoon.com/building-a-facial-recognition-pipeline-with-deep-learning-in-tensorflow-66e7645015b8}},
	year={2017},
	month="August"
}

@misc{ML-1,
	author={Marco Varone},
	title={What is Machine Learning? A definition},
	howpublished ={\url{https://www.expertsystem.com/machine-learning-definition/}},
	year={2019}
}

@misc{DL-1,
	author={Marshall Hargrave},
	title={Deep Learning},
	howpublished ={\url{https://www.investopedia.com/terms/d/deep-learning.asp}},
	year={2019},
	month="March"
}

@misc{Supervised-1,
	author={Margaret Rouse},
	title={Supervised Learning},
	howpublished ={\url{https://searchenterpriseai.techtarget.com/definition/supervised-learning}},
	year={2016},
	month="March"
}


@misc{Unsupervised-1,
	author={Margaret Rouse},
	title={Unsupervised Learning},
	howpublished ={\url{https://whatis.techtarget.com/definition/unsupervised-learning}},
	year={2016},
	month="March"
}

@misc{supervisedVSunsupervised-1,
	author={George Seif},
	title={Deep Learning for Image Recognition: why it's challenging, where we've been, and what's next},
	howpublished ={\url{https://towardsdatascience.com/deep-learning-for-image-classification-why-its-challenging-where-we-ve-been-and-what-s-next-93b56948fcef}},
	year={2018},
	month="January"
}

@misc{supervisedVSunsupervised-2,
	author={Linda Zhou},
	title={Simplify Machine Learning Pipeline Analysis with Object Storage},
	howpublished ={\url{https://blog.westerndigital.com/machine-learning-pipeline-object-storage/}},
	year={2018},
	month="May"
}

@misc{fig_class_regression,
	author={Taylor Fogarty},
	title={Regression or Classification? Linear or Logistic?},
	howpublished ={\url{https://towardsdatascience.com/regression-or-classification-linear-or-logistic-f093e8757b9c}},
	year={2018},
	month="June"
}


@misc{class-regression-1,
	author={Nikki Castle},
	title={Regression vs. Classification Algorithms},
	howpublished ={\url{https://www.datascience.com/blog/regression-and-classification-machine-learning-algorithms}},
	year={2018},
	month="March"
}

@misc{CNN-TDS,
	author={Sumit Saha},
	title={A Comprehensive Guide to Convolutional Neural Networks ? the ELI5 way},
	howpublished ={\url{https://towardsdatascience.com/a-comprehensive-guide-to-convolutional-neural-networks-the-eli5-way-3bd2b1164a53}},
	year={2018},
	month="December"
}


@misc{clustering-dimensionalityReduction-1,
	author={Guy Shtar, Shiri Margel},
	title={Clustering and Dimensionality Reduction: Understanding the “Magic” Behind Machine Learning},
	howpublished ={\url{https://www.imperva.com/blog/clustering-and-dimensionality-reduction-understanding-the-magic-behind-machine-learning/}},
	year={2017},
	month="July"
}


@misc{svm-towardsdatascience,
	author={Ajay Yadav},
	title={Support Vector Machines (SVM)},
	howpublished ={\url{https://towardsdatascience.com/support-vector-machines-svm-c9ef22815589}},
	year={2018},
	month="April"
}


@misc{roc-schema,
	author={MedCalc},
	title={ROC curve analysis},
	howpublished ={\url{https://www.medcalc.org/manual/roc-curves.php}},
	year={2019},
	month="April"
}

@misc{over-under-fit-schema,
	author={Anup Bhande},
	title={What is underfitting and overfitting in machine learning and how to deal with it.},
	howpublished ={\url{https://medium.com/greyatom/what-is-underfitting-and-overfitting-in-machine-learning}},
	year={2018},
	month="March"
}

@misc{wiki,
	author={Wikipedia},
	title={Wikipedia, the free Encyclopedia},
	howpublished ={\url{https://en.wikipedia.org/}},
	year={2019},
	month="March"
}

@misc{NCI,
	author={National Cancer Institute},
	title={NCI Dictionary of Cancer Terms},
	howpublished ={\url{https://www.cancer.gov/publications/dictionaries/cancer-terms/}},
	year={2019},
	month="March"
}

@misc{CIFAR10,
	author={Alex Krizhevsky, Vinod Nair, and Geoffrey Hinton},
	title={The CIFAR-10 dataset},
	howpublished ={\url{https://www.cs.toronto.edu/~kriz/cifar.html}},
	year={2009},
	month="March"
}

@misc{CIFAR10-implementation-1,
	author={Jason Brownlee},
	title={How to Develop a CNN From Scratch for CIFAR-10 Photo Classification},
	howpublished ={\url{https://machinelearningmastery.com/how-to-develop-a-cnn-from-scratch-for-cifar-10-photo-classification/}},
	year={2019},
	month="May"
}

@misc{CIFAR10-implementation-2,
	author={Dan Nelson},
	title={Image Recognition in Python with TensorFlow and Keras},
	howpublished ={\url{https://stackabuse.com/image-recognition-in-python-with-tensorflow-and-keras/}},
	year={2019},
	month="May"
}

@misc{keras-doc,
	author={François Chollet},
	title={Keras Documentation},
	howpublished ={\url{https://keras.io/}},
	year={2015},
	month="March"
}

@misc{gradient,
	author={Sebastien Ruder},
	title={An overview of gradient descent optimization algorithms},
	howpublished ={\url{https://ruder.io/optimizing-gradient-descent/}},
	year={2016},
	month="March"
}

@misc{data-aug-examples,
	author={Poatek},
	title={Data Augmentation},
	howpublished ={\url{https://www.poatek.com/2019/10/07/how-to-get-even-more-performance-from-transfer-learning/data-augmentation/}},
	year={2019},
	month="March"
}


@misc{AL-theory,
	author={Olga Petrova},
	title={Active Learning: The theory},
	howpublished ={\url{https://blog.scaleway.com/2020/active-learning-some-datapoints-are-more-equal-than-others/}},
	year={2019},
	month="February"
}



@misc{ALL-IDB,
	author={Fabio Scotti},
	title={Acute Lymphoblastic Leukemia Image Database for Image Processing},
	howpublished ={\url{https://homes.di.unimi.it/scotti/all/}},
	year={2020},
	month="February"
}

@misc{ASH,
	author={The American Society of Hematology},
	title={ASH Image Bank},
	howpublished ={\url{https://imagebank.hematology.org/}},
	year={2020},
	month="February"
}

@misc{TDS-CostFunction,
	author={Kamil Krzyk},
	title={Coding Deep Learning for Beginners — Linear Regression (Part 2): Cost Function},
	howpublished ={\url{https://towardsdatascience.com/coding-deep-learning-for-beginners-linear-regression-part-2-cost-function-49545303d29f}},
	year={2018},
	month="August"
}

@misc{hist-eq-fig,
	author={Aaron Angel},
	title={Color Histogram Equalization},
	howpublished ={\url{https://www.imageeprocessing.com/2015/11/color-histogram-equalization-matlab-code.html}},
	year={2015},
	month="August"
}

@misc{AL-kdnuggets,
	author={Jennifer Prendki},
	title={Introduction to Active Learning},
	howpublished ={\url{https://www.kdnuggets.com/2018/10/introduction-active-learning.html}},
	year={2018},
	month="October"
}


@misc{mixed-data,
	author={Adrian Rosebrock},
	title={Multiple Inputs and Mixed Data},
	howpublished ={\url{https://www.pyimagesearch.com/2019/02/04/keras-multiple-inputs-and-mixed-data/}},
	year={2019},
	month="February"
}

@inproceedings{reinf-process-fig,
  author    = {Roohollah Amiri and
               Hani Mehrpouyan and
               Lex Fridman and
               Ranjan K. Mallik and
               Arumugam Nallanathan and
               David Matolak},
  title     = {A Machine Learning Approach for Power Allocation in HetNets Considering
               QoS},
  booktitle = {2018 {IEEE} International Conference on Communications, {ICC} 2018,
               Kansas City, MO, USA, May 20-24, 2018},
  pages     = {1--7},
  publisher = {{IEEE}},
  year      = {2018},
  url       = {https://doi.org/10.1109/ICC.2018.8422864},
  doi       = {10.1109/ICC.2018.8422864},
  timestamp = {Wed, 16 Oct 2019 14:14:50 +0200},
  biburl    = {https://dblp.org/rec/conf/icc/AmiriMFMNM18.bib},
  bibsource = {dblp computer science bibliography, https://dblp.org}
}

@inproceedings{AL-queries-2,
  author    = {Anton Akusok and
               Emil Eirola and
               Yoan Mich{\'{e}} and
               Andrey Gritsenko and
               Amaury Lendasse},
  title     = {Advanced query strategies for Active Learning with Extreme Learning
               Machines},
  booktitle = {25th European Symposium on Artificial Neural Networks, {ESANN} 2017,
               Bruges, Belgium, April 26-28, 2017},
  year      = {2017},
  url       = {http://www.elen.ucl.ac.be/Proceedings/esann/esannpdf/es2017-92.pdf},
  timestamp = {Thu, 12 Mar 2020 11:36:12 +0100},
  biburl    = {https://dblp.org/rec/conf/esann/AkusokEMGL17.bib},
  bibsource = {dblp computer science bibliography, https://dblp.org}
}

@book{MachineLearningForDummies,
  AUTHOR =       "John Paul Mueller, Luca Massaron",
  TITLE =        "Machine Learning for Dummies",
  PUBLISHER =    "Learning Made Easy",
  YEAR =         "2016",
}

@book{book-digital-processing,
  AUTHOR =       "R. C. Gonzalez and R. E. Woods",
  TITLE =        "Digital Image Processing, 3rd edition",
  PUBLISHER =    "Prentice Hall",
  YEAR =         "2008",
}

@ARTICLE{ImageClass-Tech-1,
  AUTHOR =       "S.V.S. Prasad, Satya Savithri, Iyyanki V. Murali Krishna",
  TITLE =        "Techniques in Image Classification; A Survey",
  JOURNAL =      "Global Journals Inc.",
  YEAR =         "2015",
}

@ARTICLE{CNN-1,
  AUTHOR =       "Waseem Rawat, Zenghui Wang",
  TITLE =        "Deep Convolutional Neural Networks for Image Classification: A Comprehensive Review",
  JOURNAL =      "University of South Africa",
  YEAR =         "2017",
}

@inproceedings{svm-margin,
  author    = {Bernhard E. Boser and
               Isabelle Guyon and
               Vladimir Vapnik},
  editor    = {David Haussler},
  title     = {A Training Algorithm for Optimal Margin Classifiers},
  booktitle = {Proceedings of the Fifth Annual {ACM} Conference on Computational
               Learning Theory, {COLT} 1992, Pittsburgh, PA, USA, July 27-29, 1992},
  pages     = {144--152},
  publisher = {{ACM}},
  year      = {1992},
  url       = {https://doi.org/10.1145/130385.130401},
  doi       = {10.1145/130385.130401},
  timestamp = {Wed, 28 Nov 2018 12:57:15 +0100},
  biburl    = {https://dblp.org/rec/conf/colt/BoserGV92.bib},
  bibsource = {dblp computer science bibliography, https://dblp.org}
}


@ARTICLE{medical-1,
  AUTHOR =       "Geert Litjens, Thijs Kooi, Babak Ehteshami Bejnordi, Arnaud Arindra Adiyoso Setio, Francesco Ciompi, Mohsen Ghafoorian, Jeroen A.W.M. van der Laak, Bram van Ginneken, Clara I. Sanchez",
  TITLE =        "A Survey on Deep Learning in Medical Image Analysis",
  JOURNAL =      "Radboud University Medical Center",
  YEAR =         "2017",
}

@ARTICLE{breast-cancer,
  AUTHOR =       "Dina A. Ragab, Maha Sharkas, Stephen Marshall and Jinchang Ren",
  TITLE =        "Breast cancer detection using deep convolutional neural networks and support vector machines",
  JOURNAL =      "PeerJ",
  YEAR =         "2019",
}

@ARTICLE{breast-cancer-2,
  AUTHOR =       "Thijs Kooi, Geert Litjens, Bram van Ginneken, Albert Gubern-Mérida, Clara I. Sánchez, Ritse Mann, Ard den Heeten, Nico Karssemeijer",
  TITLE =        "Large scale deep learning for computer aided detection of mammographic lesions",
  JOURNAL =      "Elsevier B.V.",
  YEAR =         "2016",
}

@ARTICLE{brain-tumor-1,
  AUTHOR =       "Zahra Sobhaninia, Safiyeh Rezaei, Alireza Noroozi, Mehdi Ahmadi, Hamidreza Zarrabi, Nader Karimi, Ali Emami, Shadrokh Samavi",
  TITLE =        "Brain Tumor Segmentation Using Deep Learning by Type Specific Sorting of Images",
  JOURNAL =      "Department of Electrical and Computer Engineering, Isfahan University of Technology, Isfahan",
  YEAR =         "2018",
}

@ARTICLE{DR-1,
  AUTHOR =       "Suvajit Dutta, Bonthala CS Manideep, Syed Muzamil Basha, Ronnie D. Caytiles and N. Ch. S. N. Iyengar",
  TITLE =        "Classification of Diabetic Retinopathy Images by Using Deep Learning Models",
  JOURNAL =      "International Journal of Grid and Distributed Computing",
  YEAR =         "2018",
}

@ARTICLE{DR-2,
  AUTHOR =       "Carson Lam, Darvin Yi, Margaret Guo, Tony Lindsey",
  TITLE =        "Automated Detection of Diabetic Retinopathy using Deep Learning",
  JOURNAL =      "AMIA Jt Summits Transl Sci Proc",
  YEAR =         "2018",
}

@ARTICLE{AlexNet,
  AUTHOR =       "Alex Krizhevsky, Ilya Sutskever, Geofrrey Hinton",
  TITLE =        "ImageNet Classification with Deep Convolutional Neural Networks",
  JOURNAL =      "University of Toronto",
  YEAR =         "2012",
}

@ARTICLE{sound,
  AUTHOR =       "H. Lee, Y. Largman, P. Pham, and A. Y. Ng",
  TITLE =        "Unsupervised feature learning for audio classification using convolutional deep belief networks",
  JOURNAL =      "NIPL",
  YEAR =         "2009",
}

@ARTICLE{leukemia,
  AUTHOR =       "Nizar Ahmed, Altug Yigit, Zerrin Isik, Adil Alpkocak",
  TITLE =        "Identification of Leukemia Subtypes from Microscopic Images Using Convolutional Neural Network",
  JOURNAL =      "MDPI",
  YEAR =         "2019",
}


@unpublished{neuralnet-course-1,
author = {Borhanazad Hanieh},
year = {2014},
month = {05},
pages = {},
title = {ARTIFICIAL NEURAL NETWORK PART 1}
}

@article{dropout,
  author    = {Nitish Srivastava and
               Geoffrey E. Hinton and
               Alex Krizhevsky and
               Ilya Sutskever and
               Ruslan Salakhutdinov},
  title     = {Dropout: a simple way to prevent neural networks from overfitting},
  journal   = {J. Mach. Learn. Res.},
  volume    = {15},
  number    = {1},
  pages     = {1929--1958},
  year      = {2014},
  url       = {http://dl.acm.org/citation.cfm?id=2670313},
  timestamp = {Wed, 10 Jul 2019 15:28:24 +0200},
  biburl    = {https://dblp.org/rec/bib/journals/jmlr/SrivastavaHKSS14},
  bibsource = {dblp computer science bibliography, https://dblp.org}
}

@techreport{AL-Survey,
Author = {Burr Settles},
Institution = {University of Wisconsin--Madison},
Number = {1648},
Title = {Active Learning Literature Survey},
Type = {Computer Sciences Technical Report},
Year = {2009},
}

@article{AL-figure,
  author    = {Liping Yang and
               Alan M. MacEachren and
               Prasenjit Mitra and
               Teresa Onorati},
  title     = {Visually-Enabled Active Deep Learning for (Geo) Text and Image Classification:
               {A} Review},
  journal   = {{ISPRS} Int. J. Geo-Information},
  volume    = {7},
  number    = {2},
  pages     = {65},
  year      = {2018},
  url       = {https://doi.org/10.3390/ijgi7020065},
  doi       = {10.3390/ijgi7020065},
  timestamp = {Sat, 19 Oct 2019 19:25:10 +0200},
  biburl    = {https://dblp.org/rec/journals/ijgi/YangMMO18.bib},
  bibsource = {dblp computer science bibliography, https://dblp.org}
}

@book{book-SSL,
  editor    = {Olivier Chapelle and
               Bernhard Sch{\"{o}}lkopf and
               Alexander Zien},
  title     = {Semi-Supervised Learning},
  publisher = {The {MIT} Press},
  year      = {2006},
  url       = {https://doi.org/10.7551/mitpress/9780262033589.001.0001},
  doi       = {10.7551/mitpress/9780262033589.001.0001},
  isbn      = {9780262033589},
  timestamp = {Mon, 22 Jul 2019 15:58:13 +0200},
  biburl    = {https://dblp.org/rec/books/mit/06/CSZ2006.bib},
  bibsource = {dblp computer science bibliography, https://dblp.org}
}

@article{SSL-survey,
  author    = {Jesper E. van Engelen and
               Holger H. Hoos},
  title     = {A survey on semi-supervised learning},
  journal   = {Mach. Learn.},
  volume    = {109},
  number    = {2},
  pages     = {373--440},
  year      = {2020},
  url       = {https://doi.org/10.1007/s10994-019-05855-6},
  doi       = {10.1007/s10994-019-05855-6},
  timestamp = {Thu, 19 Mar 2020 10:22:58 +0100},
  biburl    = {https://dblp.org/rec/journals/ml/EngelenH20.bib},
  bibsource = {dblp computer science bibliography, https://dblp.org}
}

@article{AL-perf,
  author    = {Guo{-}Jun Qi and
               Xian{-}Sheng Hua and
               Yong Rui and
               Jinhui Tang and
               Hong{-}Jiang Zhang},
  title     = {Two-Dimensional Active Learning for image classification},
  booktitle = {2008 {IEEE} Computer Society Conference on Computer Vision and Pattern
               Recognition {(CVPR} 2008), 24-26 June 2008, Anchorage, Alaska, {USA}},
  publisher = {{IEEE} Computer Society},
  year      = {2008},
  url       = {https://doi.org/10.1109/CVPR.2008.4587383},
  doi       = {10.1109/CVPR.2008.4587383},
  timestamp = {Wed, 16 Oct 2019 14:14:50 +0200},
  biburl    = {https://dblp.org/rec/conf/cvpr/QiHRTZ08.bib},
  bibsource = {dblp computer science bibliography, https://dblp.org}
}

@article{flowers-article,
  author    = {Yu Sun and
               Lin Zhu and
               Guan Wang and
               Fang Zhao},
  title     = {Multi-Input Convolutional Neural Network for Flower Grading},
  journal   = {J. Electr. Comput. Eng.},
  volume    = {2017},
  pages     = {9240407:1--9240407:8},
  year      = {2017},
  url       = {https://doi.org/10.1155/2017/9240407},
  doi       = {10.1155/2017/9240407},
  timestamp = {Wed, 20 May 2020 16:23:19 +0200},
  biburl    = {https://dblp.org/rec/journals/jece/SunZWZ17.bib},
  bibsource = {dblp computer science bibliography, https://dblp.org}
}

